<?xml version="1.0" encoding="UTF-8"?><record xmlns="http://www.loc.gov/MARC21/slim" xmlns:cinclude="http://apache.org/cocoon/include/1.0" xmlns:zs="http://www.loc.gov/zing/srw/">
  <leader>01328cz  a2200265n  4500</leader>
  <controlfield tag="001">n  95109473 </controlfield>
  <controlfield tag="003">DLC</controlfield>
  <controlfield tag="005">20160823133550.0</controlfield>
  <controlfield tag="008">951106n| azannaab           |b aaa     c</controlfield>
  <datafield tag="010" ind1=" " ind2=" ">
    <subfield code="a">n  95109473 </subfield>
  </datafield>
  <datafield tag="040" ind1=" " ind2=" ">
    <subfield code="a">CU</subfield>
    <subfield code="c">CU</subfield>
    <subfield code="d">DLC</subfield>
    <subfield code="e">rda</subfield>
    <subfield code="d">DLC</subfield>
  </datafield>
  <datafield tag="100" ind1="1" ind2=" ">
    <subfield code="a">Bahmet, M. O.</subfield>
  </datafield>
  <datafield tag="373" ind1=" " ind2=" ">
    <subfield code="a">Chornomorsʹkyĭ derz︠h︡avnyĭ universytet imeni Petra Mohyly</subfield>
    <subfield code="2">naf</subfield>
  </datafield>
  <datafield tag="374" ind1=" " ind2=" ">
    <subfield code="a">Historians</subfield>
    <subfield code="2">lcsh</subfield>
  </datafield>
  <datafield tag="375" ind1=" " ind2=" ">
    <subfield code="a">male</subfield>
  </datafield>
  <datafield tag="377" ind1=" " ind2=" ">
    <subfield code="a">ukr</subfield>
  </datafield>
  <datafield tag="378" ind1=" " ind2=" ">
    <subfield code="q">Mykhaĭlo Oleksandrovych</subfield>
  </datafield>
  <datafield tag="400" ind1="1" ind2=" ">
    <subfield code="a">Bahmet, M. O.</subfield>
    <subfield code="q">(Mykhaĭlo Oleksandrovych)</subfield>
  </datafield>
  <datafield tag="400" ind1="1" ind2=" ">
    <subfield code="a">Bagmet, Mykhailo</subfield>
  </datafield>
  <datafield tag="400" ind1="1" ind2=" ">
    <subfield code="a">Багмет, М. О.</subfield>
  </datafield>
  <datafield tag="400" ind1="1" ind2=" ">
    <subfield code="a">Багмет, Михайло Олександрович</subfield>
  </datafield>
  <datafield tag="667" ind1=" " ind2=" ">
    <subfield code="a">Non-Latin script reference not evaluated.</subfield>
  </datafield>
  <datafield tag="670" ind1=" " ind2=" ">
    <subfield code="a">Korotkyĭ dovidnyk z istoriï Ukraïny, 1994:</subfield>
    <subfield code="b">verso of t.p. (М.О. Багмет = M.O. Bahmet)</subfield>
  </datafield>
  <datafield tag="670" ind1=" " ind2=" ">
    <subfield code="a">Istorii︠a︡ Ukraïny v osobakh, 1993- :</subfield>
    <subfield code="b">v. 1, t.p. verso (M.O. Bahmet, kandydat istorychnykh nauk, dot︠s︡ent)</subfield>
  </datafield>
  <datafield tag="670" ind1=" " ind2=" ">
    <subfield code="a">Suchasni intehrat︠s︡iĭni problemy, 2015:</subfield>
    <subfield code="b">page 164 (Багмет Михайло Олександрович = Bahmet Mykhaĭlo Oleksandrovych; доктор історичних наук, проректор Чорноморського державного університету імені Петра Могили) page 166 (Bagmet Mykhailo)</subfield>
  </datafield>
</record>